<?xml version="1.0" encoding="UTF-8"?><catalogue>
<record><leader>01502cam0a2200421   4500</leader><controlfield tag="001">014669153</controlfield><controlfield tag="005" ind1="2" ind2="0"/><datafield tag="010" ind1=" " ind2=" "><subfield code="z">0-06-275503-x</subfield></datafield><datafield tag="020" ind1=" " ind2=" "><subfield code="a">US</subfield><subfield code="b">904097</subfield></datafield><datafield tag="035" ind1=" " ind2=" "><subfield code="a">ocm26269128</subfield></datafield><datafield tag="100" ind1=" " ind2=" "><subfield code="a">19920727e19931987u  y0engy50      ba</subfield></datafield><datafield tag="101" ind1="0" ind2=" "><subfield code="a">eng</subfield><subfield code="a">fre</subfield></datafield><datafield tag="102" ind1=" " ind2=" "><subfield code="a">GB</subfield></datafield><datafield tag="105" ind1=" " ind2=" "><subfield code="a">y   e   000|y</subfield></datafield><datafield tag="200" ind1="0" ind2=" "><subfield code="a">Collins Robert French-English English-French dictionary</subfield><subfield code="f">by Beryl T. Atkins ... [et al.]</subfield></datafield><datafield tag="205" ind1=" " ind2=" "><subfield code="a">3nd ed., 1st HarperCollins ed.</subfield></datafield><datafield tag="210" ind1=" " ind2=" "><subfield code="a">Glasgow</subfield><subfield code="a">New York</subfield><subfield code="c">HarperCollins</subfield><subfield code="d">1993, c1987</subfield></datafield><datafield tag="215" ind1=" " ind2=" "><subfield code="a">886, 962 p.</subfield><subfield code="d">25 cm</subfield></datafield><datafield tag="300" ind1=" " ind2=" "><subfield code="a">Reprint. Previously published by: Collins and Dictionnaires LeRobert, 1987</subfield></datafield><datafield tag="319" ind1=" " ind2=" "><subfield code="5">692662101</subfield><subfield code="a">dictionnaire</subfield></datafield><datafield tag="606" ind1=" " ind2=" "><subfield code="a">French language</subfield><subfield code="x">Dictionaries</subfield><subfield code="x">English</subfield><subfield code="2">lc</subfield></datafield><datafield tag="606" ind1=" " ind2=" "><subfield code="a">English language</subfield><subfield code="x">Dictionaries</subfield><subfield code="x">French</subfield><subfield code="2">lc</subfield></datafield><datafield tag="606" ind1=" " ind2=" "><subfield code="3">027219232</subfield><subfield code="a">Anglais (langue)</subfield><subfield code="2">rameau</subfield></datafield><datafield tag="676" ind1=" " ind2=" "><subfield code="a">423</subfield></datafield><datafield tag="686" ind1=" " ind2=" "><subfield code="a">A.2</subfield><subfield code="2">acm</subfield></datafield><datafield tag="702" ind1=" " ind2="1"><subfield code="3">085837342</subfield><subfield code="a">Atkins</subfield><subfield code="b">Beryl T.</subfield></datafield><datafield tag="801" ind1=" " ind2="3"><subfield code="a">FR</subfield><subfield code="b">Abes</subfield><subfield code="c">20081007</subfield><subfield code="g">AFNOR</subfield></datafield><datafield tag="801" ind1=" " ind2="1"><subfield code="a">US</subfield><subfield code="b">OCLC</subfield><subfield code="g">AACR2</subfield></datafield><datafield tag="801" ind1=" " ind2="2"><subfield code="a">FR</subfield><subfield code="b">AUROC</subfield><subfield code="g">AFNOR</subfield></datafield><datafield tag="915" ind1=" " ind2=" "><subfield code="5">692662101:06380803X</subfield><subfield code="a">U/20048064</subfield></datafield><datafield tag="915" ind1=" " ind2=" "><subfield code="5">545472304:34809020X</subfield><subfield code="a">21191</subfield><subfield code="b">06093</subfield></datafield><datafield tag="917" ind1=" " ind2=" "><subfield code="5">692662101:06380803X</subfield><subfield code="a">aaxx</subfield></datafield><datafield tag="917" ind1=" " ind2=" "><subfield code="5">545472304:34809020X</subfield><subfield code="a">bbbb</subfield></datafield><datafield tag="930" ind1=" " ind2=" "><subfield code="5">692662101:06380803X</subfield><subfield code="b">692662101</subfield><subfield code="e">FKBA</subfield><subfield code="a">820 (03) ROB</subfield><subfield code="j">u</subfield></datafield><datafield tag="930" ind1=" " ind2=" "><subfield code="5">751055202:329643797</subfield><subfield code="b">751055202</subfield><subfield code="j">g</subfield></datafield><datafield tag="930" ind1=" " ind2=" "><subfield code="5">545472304:34809020X</subfield><subfield code="b">545472304</subfield><subfield code="e">nc</subfield><subfield code="a">A.2 - ATK</subfield><subfield code="j">g</subfield></datafield><datafield tag="991" ind1=" " ind2=" "><subfield code="5">751055202:329643797</subfield><subfield code="a">MSE-LOC-2008</subfield></datafield><datafield tag="999" ind1=" " ind2=" "><subfield code="5">692662101:06380803X</subfield><subfield code="z">U/20048064</subfield></datafield></record>