<record><leader>01942cam0a2200517   4500</leader><controlfield tag="001">020398123</controlfield><controlfield tag="005" ind1="2" ind2="0"/><datafield tag="010" ind1=" " ind2=" "><subfield code="a">0-14-000805-5</subfield><subfield code="b">pbk</subfield><subfield code="d">£1.25</subfield></datafield><datafield tag="020" ind1=" " ind2=" "><subfield code="a">GB</subfield><subfield code="b">81026516</subfield></datafield><datafield tag="020" ind1=" " ind2=" "><subfield code="a">GB</subfield><subfield code="b">81-26516</subfield></datafield><datafield tag="035" ind1=" " ind2=" "><subfield code="a">ocm16561169</subfield></datafield><datafield tag="035" ind1=" " ind2=" "><subfield code="5">590092204</subfield><subfield code="a">BUFRL3ANG53532</subfield></datafield><datafield tag="035" ind1=" " ind2=" "><subfield code="5">590092204</subfield><subfield code="a">ENSAM53791</subfield></datafield><datafield tag="100" ind1=" " ind2=" "><subfield code="a">19810817e19811927u  y0engy50      ba</subfield></datafield><datafield tag="101" ind1="0" ind2=" "><subfield code="a">eng</subfield></datafield><datafield tag="102" ind1=" " ind2=" "><subfield code="a">GB</subfield></datafield><datafield tag="105" ind1=" " ind2=" "><subfield code="a">y   #   000ay</subfield></datafield><datafield tag="200" ind1="1" ind2=" "><subfield code="a">The case-book of Sherlock Holmes</subfield><subfield code="classified-a">case-book of Sherlock Holmes</subfield><subfield code="f">Sir Arthur Conan Doyle</subfield></datafield><datafield tag="210" ind1=" " ind2=" "><subfield code="a">Harmondsworth</subfield><subfield code="c">Penguin in association with J. Murray and Cape</subfield><subfield code="d">1951</subfield><subfield code="h">(1981 [printing])</subfield></datafield><datafield tag="215" ind1=" " ind2=" "><subfield code="a">254 p.</subfield><subfield code="d">18 cm</subfield></datafield><datafield tag="610" ind1="0" ind2=" "><subfield code="a">Short stories in English, 1900-1945 - Texts</subfield></datafield><datafield tag="676" ind1=" " ind2=" "><subfield code="a">823/.912</subfield><subfield code="v">19</subfield></datafield><datafield tag="700" ind1=" " ind2="1"><subfield code="a">Doyle</subfield><subfield code="b">Arthur Conan</subfield><subfield code="f">1859-1930</subfield><subfield code="c">Sir</subfield><subfield code="4">070</subfield></datafield><datafield tag="801" ind1=" " ind2="3"><subfield code="a">FR</subfield><subfield code="b">Abes</subfield><subfield code="c">20080403</subfield><subfield code="g">AFNOR</subfield></datafield><datafield tag="801" ind1=" " ind2="1"><subfield code="a">US</subfield><subfield code="b">OCLC</subfield><subfield code="g">AACR2</subfield></datafield><datafield tag="801" ind1=" " ind2="2"><subfield code="a">FR</subfield><subfield code="b">AUROC</subfield><subfield code="g">AFNOR</subfield></datafield><datafield tag="915" ind1=" " ind2=" "><subfield code="5">590092204:188469532</subfield><subfield code="a">ANG-FR1824</subfield><subfield code="b">0250223218</subfield></datafield><datafield tag="915" ind1=" " ind2=" "><subfield code="5">590092101:188469540</subfield><subfield code="a">118.342</subfield><subfield code="b">0214593102</subfield></datafield><datafield tag="915" ind1=" " ind2=" "><subfield code="5">595122201:188469559</subfield><subfield code="a">LEA-M46</subfield><subfield code="b">0230050678</subfield></datafield><datafield tag="915" ind1=" " ind2=" "><subfield code="5">693872305:332994635</subfield><subfield code="b">183315</subfield></datafield><datafield tag="917" ind1=" " ind2=" "><subfield code="5">590092204:188469532</subfield><subfield code="a">aaac</subfield></datafield><datafield tag="917" ind1=" " ind2=" "><subfield code="5">590092101:188469540</subfield><subfield code="a">aaax</subfield></datafield><datafield tag="917" ind1=" " ind2=" "><subfield code="5">595122201:188469559</subfield><subfield code="a">aaac</subfield></datafield><datafield tag="919" ind1=" " ind2=" "><subfield code="5">590092204:188469532</subfield><subfield code="a">665227</subfield></datafield><datafield tag="919" ind1=" " ind2=" "><subfield code="5">590092101:188469540</subfield><subfield code="a">52820</subfield></datafield><datafield tag="919" ind1=" " ind2=" "><subfield code="5">595122201:188469559</subfield><subfield code="a">728989</subfield></datafield><datafield tag="930" ind1=" " ind2=" "><subfield code="5">590092204:188469532</subfield><subfield code="b">590092204</subfield><subfield code="a">FONDS RUER 1824</subfield><subfield code="j">u</subfield></datafield><datafield tag="930" ind1=" " ind2=" "><subfield code="5">590092101:188469540</subfield><subfield code="b">590092101</subfield><subfield code="a">118.342</subfield><subfield code="j">u</subfield></datafield><datafield tag="930" ind1=" " ind2=" "><subfield code="5">595122201:188469559</subfield><subfield code="b">595122201</subfield><subfield code="a">Ra CON</subfield><subfield code="j">s</subfield></datafield><datafield tag="930" ind1=" " ind2=" "><subfield code="5">693872305:332994635</subfield><subfield code="b">693872305</subfield><subfield code="a">SF 0000183315</subfield><subfield code="j">s</subfield></datafield><datafield tag="930" ind1=" " ind2=" "><subfield code="5">711372301:308762207</subfield><subfield code="b">711372301</subfield><subfield code="j">u</subfield></datafield><datafield tag="991" ind1=" " ind2=" "><subfield code="5">711372301:308762207</subfield><subfield code="a">Exemplaire créé automatiquement par l'ABES</subfield></datafield><datafield tag="999" ind1=" " ind2=" "><subfield code="5">590092204:188469532</subfield><subfield code="a">5PRET</subfield><subfield code="b">5FR</subfield></datafield><datafield tag="999" ind1=" " ind2=" "><subfield code="5">590092101:188469540</subfield><subfield code="a">0LIM</subfield><subfield code="b">0MAG</subfield></datafield><datafield tag="999" ind1=" " ind2=" "><subfield code="5">595122201:188469559</subfield><subfield code="a">3LIA</subfield><subfield code="b">3FIC</subfield></datafield><datafield tag="999" ind1=" " ind2=" "><subfield code="5">693872305:332994635</subfield><subfield code="a">SF</subfield><subfield code="f">0000183315</subfield><subfield code="k">SF 0000183315</subfield></datafield></record>