<record><leader>00792nam0a2200241   4500</leader><controlfield tag="001">135145856</controlfield><controlfield tag="005" ind1="2" ind2="0"/><datafield tag="035" ind1=" " ind2=" "><subfield code="a">AICCNAM01020320</subfield></datafield><datafield tag="035" ind1=" " ind2=" "><subfield code="5">751032301</subfield><subfield code="a">11027939</subfield></datafield><datafield tag="100" ind1=" " ind2=" "><subfield code="a">20090629d1956    |||y0frey50      ba</subfield></datafield><datafield tag="101" ind1="0" ind2=" "><subfield code="a">ger</subfield></datafield><datafield tag="105" ind1=" " ind2=" "><subfield code="a">a   zz  000yy</subfield></datafield><datafield tag="200" ind1="1" ind2=" "><subfield code="a">Diesel. Der Mensch. Das Werk. Das Schicksal</subfield><subfield code="f">L. Schifflers</subfield></datafield><datafield tag="210" ind1=" " ind2=" "><subfield code="a">Paris</subfield><subfield code="c">Didier</subfield><subfield code="d">[1956]</subfield></datafield><datafield tag="215" ind1=" " ind2=" "><subfield code="a">64 p.</subfield><subfield code="c">portrait de Diesel, fig., couv. ill.</subfield><subfield code="d">In-8 ̕</subfield></datafield><datafield tag="225" ind1="2" ind2=" "><subfield code="a">Der Deutsche Erzähler</subfield><subfield code="classified-a">Deutsche Erzähler</subfield></datafield><datafield tag="410" ind1=" " ind2="|"><subfield code="t">Der Deutsche Erzähler</subfield><subfield code="classified-t">Deutsche Erzähler</subfield><subfield code="v">5</subfield></datafield><datafield tag="606" ind1=" " ind2=" "><subfield code="5">751032301</subfield><subfield code="a">Diesel (Rudolph)</subfield></datafield><datafield tag="700" ind1=" " ind2="1"><subfield code="a">Schifflers</subfield><subfield code="b">L.</subfield><subfield code="4">070</subfield></datafield><datafield tag="801" ind1=" " ind2="3"><subfield code="a">FR</subfield><subfield code="b">Abes</subfield><subfield code="c">20090629</subfield><subfield code="g">AFNOR</subfield></datafield><datafield tag="801" ind1=" " ind2="1"><subfield code="a">FR</subfield><subfield code="b">AIC</subfield><subfield code="c">20020901</subfield></datafield><datafield tag="919" ind1=" " ind2=" "><subfield code="5">751032301:371237041</subfield><subfield code="a">.i11155796</subfield></datafield><datafield tag="930" ind1=" " ind2=" "><subfield code="5">751032301:371237041</subfield><subfield code="b">751032301</subfield><subfield code="c">aamc0</subfield><subfield code="a">Br 2292</subfield><subfield code="j">b</subfield><subfield code="j">g</subfield></datafield></record>