<record><leader>01355nam0a2200397   4500</leader><controlfield tag="001">13631547X</controlfield><controlfield tag="005" ind1="2" ind2="0"/><datafield tag="010" ind1=" " ind2=" "><subfield code="a">0-252-01922-9</subfield></datafield><datafield tag="010" ind1=" " ind2=" "><subfield code="a">978-0-252-01922-7</subfield></datafield><datafield tag="020" ind1=" " ind2=" "><subfield code="a">US</subfield><subfield code="b">946269</subfield></datafield><datafield tag="035" ind1=" " ind2=" "><subfield code="a">ocm29877161</subfield></datafield><datafield tag="035" ind1=" " ind2=" "><subfield code="5">141182101</subfield><subfield code="a">flora36567</subfield></datafield><datafield tag="100" ind1=" " ind2=" "><subfield code="a">20090904d1994    k  y0frey50      ba</subfield></datafield><datafield tag="101" ind1="0" ind2=" "><subfield code="a">eng</subfield></datafield><datafield tag="102" ind1=" " ind2=" "><subfield code="a">US</subfield></datafield><datafield tag="105" ind1=" " ind2=" "><subfield code="a">ab  a   001yy</subfield></datafield><datafield tag="106" ind1=" " ind2=" "><subfield code="a">r</subfield></datafield><datafield tag="200" ind1="1" ind2=" "><subfield code="a">The shipwreck of their hopes</subfield><subfield code="classified-a">shipwreck of their hopes</subfield><subfield code="b">Texte imprimé</subfield><subfield code="e">the battles for Chattanooga</subfield><subfield code="f">Peter Cozzens</subfield><subfield code="g">illustrations by Keith Rocco</subfield></datafield><datafield tag="210" ind1=" " ind2=" "><subfield code="a">Urbana</subfield><subfield code="c">University of Illinois Press</subfield><subfield code="d">cop. 1994</subfield></datafield><datafield tag="215" ind1=" " ind2=" "><subfield code="a">1 vol. (XII-515 p.)</subfield><subfield code="c">ill., cartes</subfield><subfield code="d">24 cm</subfield></datafield><datafield tag="320" ind1=" " ind2=" "><subfield code="a">Bibliogr. p. [473]-496. Index</subfield></datafield><datafield tag="606" ind1=" " ind2=" "><subfield code="3">052592758</subfield><subfield code="a">Chattanooga, Bataille de (1863)</subfield><subfield code="2">rameau</subfield></datafield><datafield tag="606" ind1=" " ind2=" "><subfield code="a">Chattanooga, Battle of, Chattanooga, Tenn., 1863</subfield><subfield code="2">lc</subfield></datafield><datafield tag="660" ind1=" " ind2=" "><subfield code="a">n-us-tn</subfield></datafield><datafield tag="676" ind1=" " ind2=" "><subfield code="a">973.7/359</subfield><subfield code="v">20</subfield></datafield><datafield tag="680" ind1=" " ind2=" "><subfield code="a">E475.97</subfield><subfield code="b">.C779 1994</subfield></datafield><datafield tag="700" ind1=" " ind2="1"><subfield code="3">081888147</subfield><subfield code="a">Cozzens</subfield><subfield code="b">Peter</subfield><subfield code="f">1957-....</subfield><subfield code="4">070</subfield></datafield><datafield tag="801" ind1=" " ind2="3"><subfield code="a">FR</subfield><subfield code="b">Abes</subfield><subfield code="c">20090904</subfield><subfield code="g">AFNOR</subfield></datafield><datafield tag="801" ind1=" " ind2="1"><subfield code="a">US</subfield><subfield code="b">OCLC</subfield><subfield code="g">AACR2</subfield></datafield><datafield tag="801" ind1=" " ind2="2"><subfield code="a">FR</subfield><subfield code="b">AUROC</subfield><subfield code="g">AFNOR</subfield></datafield><datafield tag="801" ind1=" " ind2="0"><subfield code="b">DLC</subfield><subfield code="g">AACR2</subfield></datafield><datafield tag="801" ind1=" " ind2="2"><subfield code="b">BAKER</subfield><subfield code="g">AACR2</subfield></datafield><datafield tag="915" ind1=" " ind2=" "><subfield code="5">141182101:373964242</subfield><subfield code="b">0061622348</subfield><subfield code="d">199003</subfield></datafield><datafield tag="917" ind1=" " ind2=" "><subfield code="5">141182101:373964242</subfield><subfield code="a">aaaa</subfield></datafield><datafield tag="930" ind1=" " ind2=" "><subfield code="5">141182101:373964242</subfield><subfield code="b">141182101</subfield><subfield code="d">BUDL</subfield><subfield code="l">CADIST</subfield><subfield code="a">199003</subfield><subfield code="j">u</subfield></datafield><datafield tag="991" ind1=" " ind2=" "><subfield code="5">141182101:373964242</subfield><subfield code="a">CADIST</subfield><subfield code="b">2008-2009</subfield></datafield></record>