<record xmlns="http://www.loc.gov/MARC21/slim"><leader>     cam0 22        450 </leader><controlfield tag="001">445342838</controlfield><controlfield tag="005">20091102090558.000</controlfield><datafield tag="010" ind1=" " ind2=" "><subfield code="a">0-00-671764-0</subfield></datafield><datafield tag="010" ind1=" " ind2=" "><subfield code="a">978-0-00-671764-5</subfield></datafield><datafield tag="035" ind1=" " ind2=" "><subfield code="a">ocm08308715</subfield></datafield><datafield tag="100" ind1=" " ind2=" "><subfield code="a">20080402h19811979u  y0undy0103    ba</subfield></datafield><datafield tag="101" ind1="0" ind2=" "><subfield code="a">eng</subfield></datafield><datafield tag="102" ind1=" " ind2=" "><subfield code="a">GB</subfield></datafield><datafield tag="105" ind1=" " ind2=" "><subfield code="a">y   |   000ay</subfield></datafield><datafield tag="200" ind1="1" ind2=" "><subfield code="a">A touch of chill</subfield><subfield code="classified-a">touch of chill</subfield><subfield code="e">stories of horror, suspense &amp; fantasy</subfield><subfield code="f">Joan Aiken</subfield></datafield><datafield tag="210" ind1=" " ind2=" "><subfield code="a">London</subfield><subfield code="c">Fontana Lions</subfield><subfield code="d">1981, c1979</subfield></datafield><datafield tag="215" ind1=" " ind2=" "><subfield code="a">190 p.</subfield><subfield code="d">18 cm</subfield></datafield><datafield tag="301" ind1=" " ind2=" "><subfield code="a">NZ1</subfield></datafield><datafield tag="301" ind1=" " ind2=" "><subfield code="a">AU@</subfield></datafield><datafield tag="327" ind1="1" ind2=" "><subfield code="a">Lodgers</subfield><subfield code="a">Mrs. Considine</subfield><subfield code="a">The Sewanee glide</subfield><subfield code="a">Listening</subfield><subfield code="a">The Companion</subfield><subfield code="a">The rented swan</subfield><subfield code="a">Jugged hare</subfield><subfield code="a">A game of black abnd white</subfield><subfield code="a">Time to laugh</subfield><subfield code="a">"He"</subfield><subfield code="a">The story about Caruso</subfield><subfield code="a">The helper</subfield><subfield code="a">Power-cut</subfield><subfield code="a">Who goes down this dark road?</subfield><subfield code="a">A train full of war-lords</subfield></datafield><datafield tag="606" ind1=" " ind2=" "><subfield code="a">Horror tales, English</subfield><subfield code="2">lc</subfield></datafield><datafield tag="676" ind1=" " ind2=" "><subfield code="a">823/.914</subfield><subfield code="v">19</subfield></datafield><datafield tag="680" ind1=" " ind2=" "><subfield code="a">PR6051.I35</subfield></datafield><datafield tag="700" ind1=" " ind2="1"><subfield code="a">Aiken</subfield><subfield code="b">Joan</subfield><subfield code="f">1924-2004</subfield><subfield code="4">070</subfield></datafield><datafield tag="801" ind1=" " ind2="3"><subfield code="a">FR</subfield><subfield code="b">Abes</subfield><subfield code="c">20091102</subfield><subfield code="g">AFNOR</subfield></datafield><datafield tag="801" ind1=" " ind2="1"><subfield code="a">US</subfield><subfield code="b">OCLC</subfield><subfield code="g">AACR2</subfield></datafield><datafield tag="801" ind1=" " ind2="2"><subfield code="a">FR</subfield><subfield code="b">AUROC</subfield><subfield code="g">AFNOR</subfield></datafield><datafield tag="801" ind1=" " ind2="0"><subfield code="b">EEM</subfield><subfield code="g">AACR2</subfield></datafield><datafield tag="801" ind1=" " ind2="2"><subfield code="b">OCLCQ</subfield><subfield code="g">AACR2</subfield></datafield></record>