<record xmlns="http://www.loc.gov/MARC21/slim"><leader>     cam0 22        450 </leader><controlfield tag="001">445344423</controlfield><controlfield tag="005">20091102102859.000</controlfield><datafield tag="010" ind1=" " ind2=" "><subfield code="a">0-451-15196-8</subfield><subfield code="b">pbk</subfield><subfield code="d">$$3.95</subfield></datafield><datafield tag="010" ind1=" " ind2=" "><subfield code="a">978-0-451-15196-4</subfield><subfield code="b">pbk</subfield></datafield><datafield tag="035" ind1=" " ind2=" "><subfield code="a">ocm17565891</subfield></datafield><datafield tag="100" ind1=" " ind2=" "><subfield code="a">20080402h19881986u  y0undy0103    ba</subfield></datafield><datafield tag="101" ind1="0" ind2=" "><subfield code="a">eng</subfield></datafield><datafield tag="102" ind1=" " ind2=" "><subfield code="a">US</subfield></datafield><datafield tag="105" ind1=" " ind2=" "><subfield code="a">y   |   000ay</subfield></datafield><datafield tag="200" ind1="1" ind2=" "><subfield code="a">The best science fiction of Isaac Asimov</subfield><subfield code="classified-a">best science fiction of Isaac Asimov</subfield><subfield code="f">Isaac Asimov</subfield></datafield><datafield tag="210" ind1=" " ind2=" "><subfield code="a">New York, N.Y.</subfield><subfield code="c">NAL</subfield><subfield code="d">1988, c1986</subfield></datafield><datafield tag="215" ind1=" " ind2=" "><subfield code="a">379 p.</subfield><subfield code="d">18 cm</subfield></datafield><datafield tag="300" ind1=" " ind2=" "><subfield code="a">"A Signet book."</subfield></datafield><datafield tag="300" ind1=" " ind2=" "><subfield code="a">"This is an authorized reprint of a hardcover edition published by Doubleday &amp; Company, Inc."--T.p. verso</subfield></datafield><datafield tag="606" ind1=" " ind2=" "><subfield code="a">Science fiction, American</subfield><subfield code="2">lc</subfield></datafield><datafield tag="680" ind1=" " ind2=" "><subfield code="a">PS3551.S5</subfield></datafield><datafield tag="700" ind1=" " ind2="1"><subfield code="a">Asimov</subfield><subfield code="b">Isaac</subfield><subfield code="f">1920-1992</subfield><subfield code="4">070</subfield></datafield><datafield tag="801" ind1=" " ind2="3"><subfield code="a">FR</subfield><subfield code="b">Abes</subfield><subfield code="c">20091102</subfield><subfield code="g">AFNOR</subfield></datafield><datafield tag="801" ind1=" " ind2="1"><subfield code="a">US</subfield><subfield code="b">OCLC</subfield><subfield code="g">AACR2</subfield></datafield><datafield tag="801" ind1=" " ind2="2"><subfield code="a">FR</subfield><subfield code="b">AUROC</subfield><subfield code="g">AFNOR</subfield></datafield><datafield tag="801" ind1=" " ind2="0"><subfield code="b">MNL</subfield><subfield code="g">AACR2</subfield></datafield><datafield tag="801" ind1=" " ind2="2"><subfield code="b">DAY</subfield><subfield code="g">AACR2</subfield></datafield></record>