<record xmlns="http://www.loc.gov/MARC21/slim"><leader>     cam0 22        450 </leader><controlfield tag="001">445344431</controlfield><controlfield tag="005">20091102102900.000</controlfield><datafield tag="010" ind1=" " ind2=" "><subfield code="a">0-451-45049-3</subfield><subfield code="d">$$4.50</subfield></datafield><datafield tag="010" ind1=" " ind2=" "><subfield code="a">978-0-451-45049-4</subfield></datafield><datafield tag="035" ind1=" " ind2=" "><subfield code="a">ocm22602229</subfield></datafield><datafield tag="100" ind1=" " ind2=" "><subfield code="a">20080402h19901987u  y0undy0103    ba</subfield></datafield><datafield tag="101" ind1="0" ind2=" "><subfield code="a">eng</subfield></datafield><datafield tag="102" ind1=" " ind2=" "><subfield code="a">US</subfield></datafield><datafield tag="105" ind1=" " ind2=" "><subfield code="a">a   |   000ay</subfield></datafield><datafield tag="200" ind1="1" ind2=" "><subfield code="a">Buffalo gals and other animal presences</subfield><subfield code="f">by Ursula K. Le Guin</subfield><subfield code="g">illustrated by Margaret Choclos-Irvine</subfield></datafield><datafield tag="210" ind1=" " ind2=" "><subfield code="a">New York</subfield><subfield code="c">ROC</subfield><subfield code="d">1990, c1987</subfield></datafield><datafield tag="215" ind1=" " ind2=" "><subfield code="a">236 p.</subfield><subfield code="c">ill.</subfield><subfield code="d">18 cm</subfield></datafield><datafield tag="300" ind1=" " ind2=" "><subfield code="a">"A ROC book."</subfield></datafield><datafield tag="301" ind1=" " ind2=" "><subfield code="a">AU@</subfield></datafield><datafield tag="327" ind1="1" ind2=" "><subfield code="a">"Come into animal presence / Denise Levertov</subfield><subfield code="a">Buffalo gals, won't you come out tonight</subfield><subfield code="a">Three rock poems: Basalt --Flints</subfield><subfield code="a">Mt. St. Helens/ Omphalos</subfield><subfield code="a">Mazes</subfield><subfield code="a">Wife's stories</subfield><subfield code="a">Five vegetable poems</subfield><subfield code="a">Torrey pines reserve</subfield><subfield code="a">Lewis and Clarke and after</subfield><subfield code="a">West Texas</subfield><subfield code="a">Xmas over</subfield><subfield code="a">Crown of Laurel</subfield><subfield code="a">Direction of the road</subfield><subfield code="a">Vaster than empires and more slow</subfield><subfield code="a">Seven bird and beast poems</subfield><subfield code="a">What is going on in the Oaks</subfield><subfield code="a">For Ted</subfield><subfield code="a">Found poem</subfield><subfield code="a">Totem</subfield><subfield code="a">Winter downs</subfield><subfield code="a">Man eater-- Sleeping out</subfield><subfield code="a">White donkey</subfield><subfield code="a">Horse camp</subfield><subfield code="a">Four cat poems</subfield><subfield code="a">Tabby Lorenzo</subfield><subfield code="a">Black Leonard in negative space</subfield><subfield code="a">Conversation with a silence</subfield><subfield code="a">For Leonard, Darko, and Burton Watson</subfield><subfield code="a">Schrodinger's cat</subfield><subfield code="a">"Author of the Acacia seeds" and other extracts from the journal of the journal of the association of Therolinguistics</subfield><subfield code="a">May's lion</subfield><subfield code="a">Eighth elegy, from "Duino elegies" of R.M. Rilke</subfield><subfield code="a">She unnames them</subfield></datafield><datafield tag="330" ind1=" " ind2=" "><subfield code="a">"A spirited, gracefully polemical introduction and the final story, "She Unnames Them, '' frame this collection of fiction and poetry, placing it in a natural but unsentimental light. These are not really "talking animal'' stories: they are about human apprehension of natural creation (including rocks and plants) and the relations this apprehension governs; or, how communication makes communities. Seven of ten stories and seven of 19 poems having already been published, while a couple of pieces read like working drafts. Among the best pieces is the title story; like many of the others, it works its effect through a reversal of the usual (human) point of view."--Library Journal</subfield></datafield><datafield tag="606" ind1=" " ind2=" "><subfield code="a">Animals</subfield><subfield code="x">Literary collections</subfield><subfield code="2">lc</subfield></datafield><datafield tag="676" ind1=" " ind2=" "><subfield code="a">813/.54</subfield><subfield code="v">19</subfield></datafield><datafield tag="680" ind1=" " ind2=" "><subfield code="a">PS3562.E42</subfield></datafield><datafield tag="700" ind1=" " ind2="1"><subfield code="a">Le Guin</subfield><subfield code="b">Ursula K.</subfield><subfield code="f">1929-</subfield><subfield code="4">070</subfield></datafield><datafield tag="702" ind1=" " ind2="1"><subfield code="a">Chodos-Irvine</subfield><subfield code="b">Margaret</subfield></datafield><datafield tag="801" ind1=" " ind2="3"><subfield code="a">FR</subfield><subfield code="b">Abes</subfield><subfield code="c">20091102</subfield><subfield code="g">AFNOR</subfield></datafield><datafield tag="801" ind1=" " ind2="1"><subfield code="a">US</subfield><subfield code="b">OCLC</subfield><subfield code="g">AACR2</subfield></datafield><datafield tag="801" ind1=" " ind2="2"><subfield code="a">FR</subfield><subfield code="b">AUROC</subfield><subfield code="g">AFNOR</subfield></datafield><datafield tag="801" ind1=" " ind2="0"><subfield code="b">MLN</subfield><subfield code="g">AACR2</subfield></datafield><datafield tag="801" ind1=" " ind2="2"><subfield code="b">CKM</subfield><subfield code="g">AACR2</subfield></datafield><datafield tag="856" ind1="1" ind2=" "><subfield code="u">http://www.levity.com/corduroy/leguin.htm</subfield></datafield></record>