<record xmlns="http://www.loc.gov/MARC21/slim"><leader>     cam0 22        450 </leader><controlfield tag="001">445344466</controlfield><controlfield tag="005">20091102102901.000</controlfield><datafield tag="010" ind1=" " ind2=" "><subfield code="a">0-460-02265-2</subfield><subfield code="b">pbk.</subfield><subfield code="d">£2.95</subfield></datafield><datafield tag="010" ind1=" " ind2=" "><subfield code="a">978-0-460-02265-1</subfield><subfield code="b">pbk.</subfield></datafield><datafield tag="020" ind1=" " ind2=" "><subfield code="a">GB</subfield><subfield code="b">84-816</subfield></datafield><datafield tag="035" ind1=" " ind2=" "><subfield code="a">ocm10672513</subfield></datafield><datafield tag="100" ind1=" " ind2=" "><subfield code="a">20080402e19841964u  y0undy0103    ba</subfield></datafield><datafield tag="101" ind1="0" ind2=" "><subfield code="a">eng</subfield></datafield><datafield tag="102" ind1=" " ind2=" "><subfield code="a">GB</subfield></datafield><datafield tag="105" ind1=" " ind2=" "><subfield code="a">y   |   000ay</subfield></datafield><datafield tag="200" ind1="1" ind2=" "><subfield code="a">The terminal beach</subfield><subfield code="classified-a">terminal beach</subfield><subfield code="f">J.G. Ballard</subfield></datafield><datafield tag="210" ind1=" " ind2=" "><subfield code="a">London</subfield><subfield code="c">Dent</subfield><subfield code="d">1984, c1964</subfield></datafield><datafield tag="215" ind1=" " ind2=" "><subfield code="a">220 p.</subfield><subfield code="d">20 cm</subfield></datafield><datafield tag="225" ind1="0" ind2=" "><subfield code="a">Everyman fiction</subfield></datafield><datafield tag="300" ind1=" " ind2=" "><subfield code="a">Originally published: London : Gollancz, 1964</subfield></datafield><datafield tag="301" ind1=" " ind2=" "><subfield code="a">UKM</subfield></datafield><datafield tag="301" ind1=" " ind2=" "><subfield code="a">NLGGC</subfield></datafield><datafield tag="301" ind1=" " ind2=" "><subfield code="a">NZ1</subfield></datafield><datafield tag="301" ind1=" " ind2=" "><subfield code="a">AU@</subfield></datafield><datafield tag="610" ind1="0" ind2=" "><subfield code="a">Fiction in English, 1945- - Texts</subfield></datafield><datafield tag="676" ind1=" " ind2=" "><subfield code="a">823/.914</subfield><subfield code="v">19</subfield></datafield><datafield tag="680" ind1=" " ind2=" "><subfield code="a">PR6052.A46</subfield></datafield><datafield tag="700" ind1=" " ind2="1"><subfield code="a">Ballard</subfield><subfield code="b">J. G.</subfield><subfield code="f">1930-</subfield><subfield code="4">070</subfield></datafield><datafield tag="801" ind1=" " ind2="3"><subfield code="a">FR</subfield><subfield code="b">Abes</subfield><subfield code="c">20091102</subfield><subfield code="g">AFNOR</subfield></datafield><datafield tag="801" ind1=" " ind2="1"><subfield code="a">US</subfield><subfield code="b">OCLC</subfield><subfield code="g">AACR2</subfield></datafield><datafield tag="801" ind1=" " ind2="2"><subfield code="a">FR</subfield><subfield code="b">AUROC</subfield><subfield code="g">AFNOR</subfield></datafield><datafield tag="801" ind1=" " ind2="0"><subfield code="b">UKM</subfield><subfield code="g">AACR2</subfield></datafield><datafield tag="801" ind1=" " ind2="2"><subfield code="b">OCLCQ</subfield><subfield code="g">AACR2</subfield></datafield></record>