<record xmlns="http://www.loc.gov/MARC21/slim"><leader>     cam0 22        450 </leader><controlfield tag="001">445351950</controlfield><controlfield tag="005">20091102102900.000</controlfield><datafield tag="010" ind1=" " ind2=" "><subfield code="a">0-451-52383-0</subfield></datafield><datafield tag="010" ind1=" " ind2=" "><subfield code="a">978-0-451-52383-9</subfield></datafield><datafield tag="035" ind1=" " ind2=" "><subfield code="a">ocm32824285</subfield></datafield><datafield tag="100" ind1=" " ind2=" "><subfield code="a">20080403h19811938u  y0undy0103    ba</subfield></datafield><datafield tag="101" ind1="0" ind2=" "><subfield code="a">eng</subfield></datafield><datafield tag="102" ind1=" " ind2=" "><subfield code="a">US</subfield></datafield><datafield tag="105" ind1=" " ind2=" "><subfield code="a">a   a   001|a</subfield></datafield><datafield tag="200" ind1="1" ind2=" "><subfield code="a">Twenty years at Hull-House, with autobiographical notes</subfield><subfield code="f">by Jane Addams</subfield><subfield code="g">with a foreword by Henry Steele Commager</subfield><subfield code="g">drawings by Norah Hamilton</subfield><subfield code="g">with a revised and updated bibliography</subfield></datafield><datafield tag="210" ind1=" " ind2=" "><subfield code="a">New York, N.Y.</subfield><subfield code="c">Penguin</subfield><subfield code="d">[1981?], c1938</subfield></datafield><datafield tag="215" ind1=" " ind2=" "><subfield code="a">320 p.</subfield><subfield code="c">ill.</subfield><subfield code="d">18 cm</subfield></datafield><datafield tag="225" ind1="0" ind2=" "><subfield code="a">Signet classic</subfield><subfield code="v">451-CE2383</subfield></datafield><datafield tag="320" ind1=" " ind2=" "><subfield code="a">Includes bibliographical references (p. [311-312]) and index.</subfield></datafield><datafield tag="517" ind1="|" ind2=" "><subfield code="a">20 years at Hull-House, with autobiographical notes.</subfield></datafield><datafield tag="600" ind1=" " ind2="1"><subfield code="a">Addams</subfield><subfield code="b">Jane</subfield><subfield code="f">1860-1935</subfield><subfield code="2">lc</subfield></datafield><datafield tag="601" ind1="0" ind2="2"><subfield code="a">Hull House</subfield><subfield code="c">Chicago, Ill.</subfield><subfield code="x">History</subfield><subfield code="2">lc</subfield></datafield><datafield tag="606" ind1=" " ind2=" "><subfield code="a">Social settlements</subfield><subfield code="y">Illinois</subfield><subfield code="y">Chicago</subfield><subfield code="x">History</subfield><subfield code="2">lc</subfield></datafield><datafield tag="606" ind1=" " ind2=" "><subfield code="a">Women social reformers</subfield><subfield code="y">United States</subfield><subfield code="x">Biography</subfield><subfield code="2">lc</subfield></datafield><datafield tag="606" ind1=" " ind2=" "><subfield code="a">Social service</subfield><subfield code="y">Illinois</subfield><subfield code="y">Chicago</subfield><subfield code="x">History</subfield><subfield code="2">lc</subfield></datafield><datafield tag="660" ind1=" " ind2=" "><subfield code="a">n-us-il</subfield></datafield><datafield tag="680" ind1=" " ind2=" "><subfield code="a">HV4196.C4</subfield></datafield><datafield tag="700" ind1=" " ind2="1"><subfield code="a">Addams</subfield><subfield code="b">Jane</subfield><subfield code="f">1860-1935</subfield><subfield code="4">070</subfield></datafield><datafield tag="801" ind1=" " ind2="3"><subfield code="a">FR</subfield><subfield code="b">Abes</subfield><subfield code="c">20091102</subfield><subfield code="g">AFNOR</subfield></datafield><datafield tag="801" ind1=" " ind2="1"><subfield code="a">US</subfield><subfield code="b">OCLC</subfield><subfield code="g">AACR2</subfield></datafield><datafield tag="801" ind1=" " ind2="2"><subfield code="a">FR</subfield><subfield code="b">AUROC</subfield><subfield code="g">AFNOR</subfield></datafield><datafield tag="801" ind1=" " ind2="0"><subfield code="b">BGU</subfield><subfield code="g">AACR2</subfield></datafield><datafield tag="801" ind1=" " ind2="2"><subfield code="b">NRM</subfield><subfield code="g">AACR2</subfield></datafield></record>
</catalogue>